<?xml version="1.0" encoding="UTF-8"?><collection xmlns="http://www.loc.gov/MARC21/slim"><record><leader>00450nam--2200157-i-4500</leader><controlfield tag="001">000006860</controlfield><controlfield tag="002">20161230</controlfield><controlfield tag="005">20161230201027</controlfield><controlfield tag="008">060222s1000------------r-----000-0-eng-d</controlfield><datafield ind1=" " ind2=" " tag="100"><subfield code="a">Bers, Lipman., John, Fritz., Schechter, M</subfield></datafield><datafield ind1=" " ind2=" " tag="245"><subfield code="a">Partial differential equations</subfield></datafield><datafield ind1=" " ind2=" " tag="260"><subfield code="a">New York, Interscience Publishers, 1964</subfield></datafield><datafield ind1=" " ind2=" " tag="300"><subfield code="a">343 P</subfield></datafield><datafield ind1=" " ind2=" " tag="490"><subfield code="a">Lectures In Applied Mathematics</subfield><subfield code="v">vol. III</subfield></datafield><datafield ind1=" " ind2=" " tag="852"><subfield code="a">15332</subfield></datafield><datafield ind1=" " ind2=" " tag="CAT"><subfield code="a">Sys</subfield><subfield code="c">20080402</subfield><subfield code="h">141748</subfield></datafield></record></collection>